@book{brenner_mathematical_2008,
  author    = {Brenner, Susanne C. and Scott, L. Ridgway},
  title     = {The Mathematical Theory of Finite Element Methods},
  series    = {Texts in Applied Mathematics},
  volume    = {15},
  editor    = {Marsden, J. E. and Sirovich, L. and Antman, S. S.},
  publisher = {Springer New York},
  address   = {New York, NY},
  year      = {2008},
  isbn      = {978-0-387-75933-3, 978-0-387-75934-0},
  doi       = {10.1007/978-0-387-75934-0},
  url       = {http://link.springer.com/10.1007/978-0-387-75934-0},
  language  = {en},
  file      = {PDF:/Users/arasucandassamy/Zotero/storage/PL5J5V4S/Brenner_et_Scott_2008.pdf:application/pdf}
}

@book{ern_theory_2004,
  author    = {Ern, Alexandre and Guermond, Jean-Luc},
  title     = {Theory and Practice of Finite Elements},
  series    = {Applied Mathematical Sciences},
  volume    = {159},
  editor    = {Antman, S. S. and Marsden, J. E. and Sirovich, L.},
  publisher = {Springer New York},
  address   = {New York, NY},
  year      = {2004},
  isbn      = {978-1-4419-1918-2, 978-1-4757-4355-5},
  doi       = {10.1007/978-1-4757-4355-5},
  url       = {http://link.springer.com/10.1007/978-1-4757-4355-5},
  urldate   = {2025-06-16},
  language  = {en},
  file      = {PDF:/Users/arasucandassamy/Zotero/storage/KFL9ESFL/Ern_et_Guermond_2004.pdf:application/pdf}
}

@book{boffi_mixed_2008,
  author    = {Boffi, Daniele and Brezzi, Franco and Demkowicz, Leszek F. and Durán, Ricardo G. and Falk, Richard S. and Fortin, Michel},
  title     = {Mixed Finite Elements, Compatibility Conditions, and Applications: Lectures given at the C.I.M.E. Summer School held in Cetraro, Italy, June 26–July 1, 2006},
  series    = {Lecture Notes in Mathematics},
  volume    = {1939},
  editor    = {Boffi, Daniele and Gastaldi, Lucia and Morel, J.-M. and Takens, F. and Teissier, B.},
  publisher = {Springer Berlin Heidelberg},
  address   = {Berlin, Heidelberg},
  year      = {2008},
  isbn      = {978-3-540-78314-5, 978-3-540-78319-0},
  doi       = {10.1007/978-3-540-78319-0},
  url       = {http://link.springer.com/10.1007/978-3-540-78319-0},
  urldate   = {2025-06-16},
  language  = {en},
  file      = {PDF:/Users/arasucandassamy/Zotero/storage/AVCBZRXP/Boffi_et_al_2008.pdf:application/pdf}
}

@book{gould_introduction_2013,
  author    = {Gould, Phillip L.},
  title     = {Introduction to Linear Elasticity},
  publisher = {Springer New York},
  address   = {New York, NY},
  year      = {2013},
  isbn      = {978-1-4614-4832-7, 978-1-4614-4833-4},
  doi       = {10.1007/978-1-4614-4833-4},
  url       = {https://link.springer.com/10.1007/978-1-4614-4833-4},
  language  = {en},
  file      = {PDF:/Users/arasucandassamy/Zotero/storage/K3NHP9IZ/Gould_2013.pdf:application/pdf}
}

@phdthesis{cinatl_finite,
  author  = {Cinatl, Emma},
  title   = {Finite Element Discretizations for Linear Elasticity},
  school  = {Clemson University},
  year    = {2018},
  language= {en}
}

@article{chen_finite,
  author  = {Chen, Long},
  title   = {Finite Element Methods for Linear Elasticity},
  year    = {2024},
  language= {en},
  abstract= {Lecture notes discussing finite element methods for solving linear elasticity equations, focusing on the locking phenomenon in nearly incompressible materials.},
}

@article{chen_variational,
  author  = {Chen, Long},
  title   = {Variational Formulation of Linear Elasticity},
  year    = {2024},
  language= {en},
  abstract= {Two variational formulations of linear elasticity: the displacement formulation and the stress-displacement (Hellinger-Reissner) formulation.},
}

@inproceedings{guclu_psydac_2022,
  author    = {Güçlü, Y. and Hadjout, S. and Ratnani, A.},
  title     = {PSYDAC: A High-Performance IGA Library in Python},
  booktitle = {8th European Congress on Computational Methods in Applied Sciences and Engineering},
  publisher = {CIMNE},
  year      = {2022},
  doi       = {10.23967/eccomas.2022.227},
  url       = {https://www.scipedia.com/public/Guclu_et_al_2022a},
  urldate   = {2025-06-17},
  language  = {en},
  abstract  = {Psydac is a Python 3 library for PDEs, focused on isogeometric analysis with optimized sparse stencil matrices.},
}

@article{da_veiga_mathematical_2014,
  author    = {Da Veiga, L. Beirão and Buffa, A. and Sangalli, G. and Vázquez, R.},
  title     = {Mathematical Analysis of Variational Isogeometric Methods},
  journal   = {Acta Numerica},
  volume    = {23},
  pages     = {157--287},
  year      = {2014},
  month     = {may},
  issn      = {0962-4929, 1474-0508},
  doi       = {10.1017/S096249291400004X},
  url       = {https://www.cambridge.org/core/product/identifier/S096249291400004X/type/journal_article},
  urldate   = {2025-06-26},
  language  = {en},
  abstract  = {Review of theoretical foundations of isogeometric methods, including error estimates, spline-based elements, and preconditioning.},
}

@techreport{MeyerSpringer2015,
  author      = {Meyer, Arnd and Springer, Rolf},
  title       = {Basics of Linear Thermoelasticity},
  institution = {Technische Universität Chemnitz},
  series      = {Chemnitz Scientific Computing Preprints},
  number      = {15-03},
  year        = {2015},
  issn        = {1864-0087},
  url         = {https://nbn-resolving.org/urn:nbn:de:bsz:ch1-qucosa-160178},
  urn         = {urn:nbn:de:bsz:ch1-qucosa-160178},
  language    = {en},
  abstract    = {Theory of linear thermoelasticity with applications to transversely isotropic materials and FE discretization.},
  keywords    = {transverse isotropy, linear thermoelasticity, finite element method, thermoelasticity},
  type        = {Preprint},
  note        = {First published on 06.02.2015}
}

@phdthesis{Persson2016,
  author   = {Persson, Anna},
  title    = {A Generalized Finite Element Method for Linear Thermoelasticity},
  school   = {Chalmers University of Technology and University of Gothenburg},
  address  = {Gothenburg, Sweden},
  year     = {2016},
  type     = {Licentiate Thesis},
  language = {en},
  keywords = {finite element method, linear thermoelasticity}
}